@article{mitologia,
    author  = "Jan Parandowski",
    title   = "Mitologia",
    year    = "2017",
    journal = "Plus",
}

@article{czujniki,
    author  = "Bogdan Kreczmer",
    title   = "Dalmierze ultradźwiękowe i triangulacyjne czujniki
odległości",
    year    = "2017",
    journal = "Prezentacja do kursu: Wizualizacja danych sensorycznych"
}

@article{sharp,
    author  = "Waveshare",
    title   = "EKSPERYMENTALNA WERYFIKACJA PARAMETRóW I CHARAKTERYSTYK
DALMIERZA ROBOTOWEGO",
    year    = "",
    journal = "\url{https://www.waveshare.com/w/upload/9/93/Laser-Sensor-UserManual.pdf}"
}

@article{laser,
    author  = "Maciej Łukasz Słowik and Daniel Ołdziej",
    title   = "Laser Sensor User Manual",
    year    = "",
    journal = "Wydział Mechaniczny, Politechnika Białostocka"
}

@article{planowanie_ruchu,
    author  = "Krzysztof Tchoń and Alicja Mazur and Ignacy Dulęba and Robert Hossa and Robert Muszyñski",
    title   = "MANIPULATORY I ROBOTY MOBILNE",
    year    = "Warszawa 2000",
    journal = "Akademicka Oficyna Wydawnicza PLJ",
}

@article{QRT,
    author  = "Pololu",
    title   = "Arduino Library for the Pololu {QTR} Reflectance Sensors",
    year    = "",
    journal = "\url{https://www.pololu.com/docs/0J19/all#1}"
}

@article{line_czujnik,
    author  = "Damian Nowak",
    title   = "Robot kategorii Line Follower Enhanced",
    year    = "2012",
    journal = "Elektronika dla Wszystkich"
}

@article{line_sharp,
    author  = "Bartosz Derkacz and Szymon Mońka",
    title   = "Line Follower – autonomiczny robot śledzący trasę",
    year    = "2012",
    journal = "Forum Młodych, Pomiary Automatyka robotyka"
}

@article{AGV,
    author  = "Forbot.pl",
    title   = "Model mobilnego robota przemysłowego",
    year    = "2016",
    journal = "\url{https://forbot.pl/forum/topic/9035-model-mobilnego-robota-przemyslowego/}"
}

@article{kurosz,
    author  = "Bartosz Kurosz and Forbot.pl",
    title   = "Robot Let Me Out napędzany silnikami krokowymi",
    year    = "2015",
    journal = "\url{https://forbot.pl/forum/topic/8551-robot-let-me-out-napedzany-silnikami-krokowymi/}"
}

@article{Tadeo,
    author  = "Forbot.pl",
    title   = "Tadeo",
    year    = "2011",
    journal = "\url{https://forbot.pl/forum/topic/3122-tadeo/?utm_source=Facebook&utm_medium=post&utm_campaign=roboty&fbclid=IwAR0t8wbTL_X185AbxQ4CBwU1FjxvsVWox90_gtHK_kzkPt8KrqL3jsqzyqI}"
}